<record><leader>00000cas a22000007a 4500</leader><controlfield tag="001">13880135</controlfield><controlfield tag="008">860716d18981929iauwr ne      0    0eng d</controlfield><datafield ind1=" " ind2=" " tag="010"><subfield code="a">sn 86060122 </subfield></datafield><datafield ind1=" " ind2=" " tag="040"><subfield code="a">INP</subfield><subfield code="b">eng</subfield><subfield code="c">INP</subfield><subfield code="d">OCLCQ</subfield></datafield><datafield ind1=" " ind2=" " tag="042"><subfield code="a">msc</subfield></datafield><datafield ind1="0" ind2="0" tag="245"><subfield code="a">Adams County union-Republican.</subfield></datafield><datafield ind1="1" ind2="3" tag="246"><subfield code="a">Union-Republican</subfield></datafield><datafield ind1=" " ind2=" " tag="260"><subfield code="a">Corning, Adams County, Iowa :</subfield><subfield code="b">J.C. Welliver,</subfield><subfield code="c">1898-1929.</subfield></datafield><datafield ind1=" " ind2=" " tag="300"><subfield code="a">32 v. :</subfield><subfield code="b">ill. ;</subfield><subfield code="c">54-58 cm.</subfield></datafield><datafield ind1=" " ind2=" " tag="310"><subfield code="a">Weekly</subfield></datafield><datafield ind1="0" ind2=" " tag="362"><subfield code="a">Vol. 28, no. 31 (Aug. 4, 1898)-v. 59, no. 9 (Feb. 27, 1929).</subfield></datafield><datafield ind1=" " ind2=" " tag="500"><subfield code="a">Includes occasional special issues.</subfield></datafield><datafield ind1=" " ind2=" " tag="500"><subfield code="a">Later publishers: Paul S. Junkin, &lt;Dec. 15, 1898&gt;-Jan. 18, 1905; Union-Republican Pub. Co., Jan. 25, 1905-&lt;Jan. 11, 1911&gt;.</subfield></datafield><datafield ind1=" " ind2=" " tag="500"><subfield code="a">Official Adams County paper.</subfield></datafield><datafield ind1=" " ind2=" " tag="500"><subfield code="a">Editor: Chas. W. Gray, Nov. 11, 1908-Feb. 27, 1929.</subfield></datafield><datafield ind1=" " ind2=" " tag="515"><subfield code="a">Vol. 28, no. 31 (Aug. 4, 1898)-v. 28, no. 38 (Sept. 22, 1898) called also whole no. 1455-1462.</subfield></datafield><datafield ind1=" " ind2=" " tag="515"><subfield code="a">Continues numbering error of Adams County Union with Aug. 4, 1898- numbered v. 28, no. 31- but constituting v. 26, no. 31- ; other issues frequently misnumbered and misdated.</subfield></datafield><datafield ind1=" " ind2=" " tag="752"><subfield code="a">United States</subfield><subfield code="b">Iowa</subfield><subfield code="c">Adams</subfield><subfield code="d">Corning.</subfield></datafield><datafield ind1="0" ind2="4" tag="780"><subfield code="t">Adams County union</subfield><subfield code="w">(DLC)sn 86060123</subfield></datafield><datafield ind1="0" ind2="4" tag="780"><subfield code="t">Republican (Corning, Iowa)</subfield><subfield code="w">(DLC)sn 86060302</subfield></datafield><datafield ind1="0" ind2="4" tag="785"><subfield code="t">Adams County free press</subfield><subfield code="w">(DLC)sn 86060121</subfield><subfield code="g">Mar. 1, 1929</subfield></datafield><datafield ind1="1" ind2=" " tag="029"><subfield code="a">AU@</subfield><subfield code="b">000025808942</subfield></datafield></record>